[gd_scene load_steps=19 format=2]

[ext_resource path="res://minigames/squawk/SquawkMinigame.gd" type="Script" id=1]
[ext_resource path="res://minigames/squawk/QuackParticles.tscn" type="PackedScene" id=2]
[ext_resource path="res://assets/gui/green_button05.png" type="Texture" id=3]
[ext_resource path="res://assets/gui/green_button13.png" type="Texture" id=4]
[ext_resource path="res://assets/gui/ring_indicator.png" type="Texture" id=5]
[ext_resource path="res://assets/gui/controller/keyboard/Keyboard_Black_Space.png" type="Texture" id=6]
[ext_resource path="res://gui/ControlHint.gd" type="Script" id=7]
[ext_resource path="res://assets/gui/controller/gamepad/XboxOne_A.png" type="Texture" id=8]
[ext_resource path="res://assets/gui/Directional_Arrow_Straight.png" type="Texture" id=9]
[ext_resource path="res://assets/fonts/Patrick_Hand/PatrickHand-Regular.ttf" type="DynamicFontData" id=10]

[sub_resource type="StyleBoxTexture" id=1]
texture = ExtResource( 3 )
region_rect = Rect2( 0, 0, 190, 45 )
margin_left = 10.0
margin_right = 10.0
margin_top = 10.0
margin_bottom = 10.0

[sub_resource type="StyleBoxTexture" id=2]
texture = ExtResource( 4 )
region_rect = Rect2( 0, 0, 190, 49 )
margin_left = 10.0
margin_right = 10.0
margin_top = 10.0
margin_bottom = 10.0

[sub_resource type="Animation" id=3]
length = 0.5
loop = true
tracks/0/type = "value"
tracks/0/path = NodePath("../ControlHint/Arrow:rect_position")
tracks/0/interp = 1
tracks/0/loop_wrap = true
tracks/0/imported = false
tracks/0/enabled = true
tracks/0/keys = {
"times": PoolRealArray( 0, 0.2, 0.5 ),
"transitions": PoolRealArray( 1, 1, 1 ),
"update": 0,
"values": [ Vector2( 70.7468, -26.5369 ), Vector2( 70.747, -35 ), Vector2( 70.7468, -26.5369 ) ]
}

[sub_resource type="Animation" id=4]
length = 3.0
loop = true
tracks/0/type = "value"
tracks/0/path = NodePath(".:rect_position")
tracks/0/interp = 1
tracks/0/loop_wrap = true
tracks/0/imported = false
tracks/0/enabled = true
tracks/0/keys = {
"times": PoolRealArray( 0, 1.5, 3 ),
"transitions": PoolRealArray( 1, 1, 1 ),
"update": 0,
"values": [ Vector2( 0, -100 ), Vector2( 570, -100 ), Vector2( 0, -100 ) ]
}

[sub_resource type="Animation" id=5]
resource_name = "show_lose_label"
length = 3.0
tracks/0/type = "value"
tracks/0/path = NodePath("../LoseLabel:visible")
tracks/0/interp = 1
tracks/0/loop_wrap = true
tracks/0/imported = false
tracks/0/enabled = true
tracks/0/keys = {
"times": PoolRealArray( 0 ),
"transitions": PoolRealArray( 1 ),
"update": 1,
"values": [ true ]
}
tracks/1/type = "value"
tracks/1/path = NodePath("../WinLabel:visible")
tracks/1/interp = 1
tracks/1/loop_wrap = true
tracks/1/imported = false
tracks/1/enabled = true
tracks/1/keys = {
"times": PoolRealArray( 0 ),
"transitions": PoolRealArray( 1 ),
"update": 1,
"values": [ false ]
}
tracks/2/type = "value"
tracks/2/path = NodePath("../LoseLabel:modulate")
tracks/2/interp = 2
tracks/2/loop_wrap = true
tracks/2/imported = false
tracks/2/enabled = true
tracks/2/keys = {
"times": PoolRealArray( 0, 0.5, 2.5, 3 ),
"transitions": PoolRealArray( 1, 1, 1, 1 ),
"update": 0,
"values": [ Color( 1, 1, 1, 0 ), Color( 1, 1, 1, 1 ), Color( 1, 1, 1, 1 ), Color( 1, 1, 1, 0 ) ]
}
tracks/3/type = "value"
tracks/3/path = NodePath("../LoseLabel:rect_position")
tracks/3/interp = 2
tracks/3/loop_wrap = true
tracks/3/imported = false
tracks/3/enabled = true
tracks/3/keys = {
"times": PoolRealArray( 0, 0.8, 1.5, 2.2, 3 ),
"transitions": PoolRealArray( 1, 1, 1, 1, 1 ),
"update": 0,
"values": [ Vector2( -100.5, -390.5 ), Vector2( -100.5, -385 ), Vector2( -100.5, -390 ), Vector2( -100.5, -385 ), Vector2( -100.5, -390.5 ) ]
}

[sub_resource type="Animation" id=6]
resource_name = "show_win_label"
length = 3.0
tracks/0/type = "value"
tracks/0/path = NodePath("../WinLabel:visible")
tracks/0/interp = 1
tracks/0/loop_wrap = true
tracks/0/imported = false
tracks/0/enabled = true
tracks/0/keys = {
"times": PoolRealArray( 0 ),
"transitions": PoolRealArray( 1 ),
"update": 1,
"values": [ true ]
}
tracks/1/type = "value"
tracks/1/path = NodePath("../LoseLabel:visible")
tracks/1/interp = 1
tracks/1/loop_wrap = true
tracks/1/imported = false
tracks/1/enabled = true
tracks/1/keys = {
"times": PoolRealArray( 0 ),
"transitions": PoolRealArray( 1 ),
"update": 1,
"values": [ false ]
}
tracks/2/type = "value"
tracks/2/path = NodePath("../WinLabel:modulate")
tracks/2/interp = 2
tracks/2/loop_wrap = true
tracks/2/imported = false
tracks/2/enabled = true
tracks/2/keys = {
"times": PoolRealArray( 0, 0.5, 2.5, 3 ),
"transitions": PoolRealArray( 1, 1, 1, 1 ),
"update": 0,
"values": [ Color( 1, 1, 1, 0 ), Color( 1, 1, 1, 1 ), Color( 1, 1, 1, 1 ), Color( 1, 1, 1, 0 ) ]
}
tracks/3/type = "value"
tracks/3/path = NodePath("../WinLabel:rect_position")
tracks/3/interp = 2
tracks/3/loop_wrap = true
tracks/3/imported = false
tracks/3/enabled = true
tracks/3/keys = {
"times": PoolRealArray( 0, 0.8, 1.5, 2.2, 3 ),
"transitions": PoolRealArray( 1, 1, 1, 1, 1 ),
"update": 0,
"values": [ Vector2( -100.5, -390.5 ), Vector2( -100.5, -385 ), Vector2( -100.5, -390 ), Vector2( -100.5, -385 ), Vector2( -100.5, -390.5 ) ]
}

[sub_resource type="DynamicFont" id=7]
size = 70
outline_size = 5
outline_color = Color( 0.0156863, 0.247059, 0.0470588, 1 )
use_mipmaps = true
use_filter = true
font_data = ExtResource( 10 )

[sub_resource type="DynamicFont" id=8]
size = 70
outline_size = 5
outline_color = Color( 0.376471, 0.0745098, 0.0431373, 1 )
use_mipmaps = true
use_filter = true
font_data = ExtResource( 10 )

[node name="SquawkMinigame" type="Control"]
anchor_left = 0.5
anchor_top = 0.5
anchor_right = 0.5
anchor_bottom = 0.5
margin_left = -332.0
margin_top = 260.0
margin_right = 332.0
margin_bottom = 260.0
script = ExtResource( 1 )
quack_particles_scn = ExtResource( 2 )

[node name="ProgressBar" type="ProgressBar" parent="."]
margin_right = 664.0
margin_bottom = 140.0
custom_styles/fg = SubResource( 1 )
custom_styles/bg = SubResource( 2 )
percent_visible = false

[node name="Pointer" type="TextureRect" parent="."]
margin_left = 511.443
margin_top = -100.0
margin_right = 607.483
margin_bottom = -4.0
texture = ExtResource( 5 )

[node name="AnimationPlayer" type="AnimationPlayer" parent="Pointer"]
autoplay = "controlhint_arrow"
playback_process_mode = 0
anims/controlhint_arrow = SubResource( 3 )
anims/move = SubResource( 4 )
anims/show_lose_label = SubResource( 5 )
anims/show_win_label = SubResource( 6 )

[node name="ControlHint" type="TextureRect" parent="."]
anchor_left = 0.5
anchor_top = 1.0
anchor_right = 0.5
anchor_bottom = 1.0
margin_left = -50.0
margin_top = -100.0
margin_right = 50.0
texture = ExtResource( 6 )
script = ExtResource( 7 )
mouse_keyboard = ExtResource( 6 )
pc_controller = ExtResource( 8 )

[node name="Arrow" type="TextureRect" parent="ControlHint"]
anchor_left = 0.5
anchor_right = 0.5
margin_left = 20.7468
margin_top = -26.9969
margin_right = 82.747
margin_bottom = 14.0031
rect_rotation = 90.0
texture = ExtResource( 9 )

[node name="Tween" type="Tween" parent="."]

[node name="AudioStreamPlayer" type="AudioStreamPlayer" parent="."]
volume_db = -10.0

[node name="WinLabel" type="Label" parent="."]
visible = false
modulate = Color( 1, 1, 1, 0 )
anchor_left = 0.5
anchor_top = 0.5
anchor_right = 0.5
anchor_bottom = 0.5
margin_left = -432.5
margin_top = -390.5
margin_right = 432.5
margin_bottom = -295.5
grow_horizontal = 2
grow_vertical = 2
custom_fonts/font = SubResource( 7 )
custom_colors/font_color = Color( 0.686275, 0.984314, 0.533333, 1 )
text = "SQUAWK_CONTEST_WIN_LABEL"
align = 1
valign = 1

[node name="LoseLabel" type="Label" parent="."]
modulate = Color( 1, 1, 1, 0 )
anchor_left = 0.5
anchor_top = 0.5
anchor_right = 0.5
anchor_bottom = 0.5
margin_left = -432.5
margin_top = -390.5
margin_right = 441.5
margin_bottom = -295.5
grow_horizontal = 2
grow_vertical = 2
custom_fonts/font = SubResource( 8 )
custom_colors/font_color = Color( 1, 0.494118, 0.45098, 1 )
text = "SQUAWK_CONTEST_LOSE_LABEL"
align = 1
valign = 1
[connection signal="finished" from="AudioStreamPlayer" to="." method="play_random_quack_sound"]
